@misc{liu2018recent,
    title={Recent progress in semantic image segmentation},
    author={Xiaolong Liu and Zhidong Deng and Yuhan Yang},
    year={2018},
    eprint={1809.10198},
    archivePrefix={arXiv},
    primaryClass={cs.CV}
}

@misc{maier2018gentle,
    title={A Gentle Introduction to Deep Learning in Medical Image Processing},
    author={Andreas Maier and Christopher Syben and Tobias Lasser and Christian Riess},
    year={2018},
    eprint={1810.05401},
    archivePrefix={arXiv},
    primaryClass={cs.CV}
}

@misc{pan2019image,
    title={Image processing in DNA},
    author={Chao Pan and S. M. Hossein Tabatabaei Yazdi and S Kasra Tabatabaei and Alvaro G. Hernandez and Charles Schroeder and Olgica Milenkovic},
    year={2019},
    eprint={1910.10095},
    archivePrefix={arXiv},
    primaryClass={eess.IV}
}

@misc{stabinger2020evaluating,
    title={Evaluating the Progress of Deep Learning for Visual Relational Concepts},
    author={Sebastian Stabinger and Justus Piater and Antonio Rodríguez-Sánchez},
    year={2020},
    eprint={2001.10857},
    archivePrefix={arXiv},
    primaryClass={cs.CV}
}

@misc{feng2019deep,
    title={Deep Multi-modal Object Detection and Semantic Segmentation for Autonomous Driving: Datasets, Methods, and Challenges},
    author={Di Feng and Christian Haase-Schuetz and Lars Rosenbaum and Heinz Hertlein and Claudius Glaeser and Fabian Timm and Werner Wiesbeck and Klaus Dietmayer},
    year={2019},
    eprint={1902.07830},
    archivePrefix={arXiv},
    primaryClass={cs.RO}
}

@inproceedings{10.5555/1888028.1888043,
author = {Mair, Elmar and Hager, Gregory D. and Burschka, Darius and Suppa, Michael and Hirzinger, Gerhard},
title = {Adaptive and Generic Corner Detection Based on the Accelerated Segment Test},
year = {2010},
isbn = {3642155510},
publisher = {Springer-Verlag},
address = {Berlin, Heidelberg},
booktitle = {Proceedings of the 11th European Conference on Computer Vision: Part II},
pages = {183–196},
numpages = {14},
keywords = {corner detector, adaptive, AST, generic, AGAST, efficient},
location = {Heraklion, Crete, Greece},
series = {ECCV’10}
}

@misc{li2015brief,
    title={A Brief Survey of Image Processing Algorithms in Electrical Capacitance Tomography},
    author={Kezhi Li},
    year={2015},
    eprint={1510.04585},
    archivePrefix={arXiv},
    primaryClass={cs.CV}
}

@book{10.5555/540298,
author = {Hartigan, John A.},
title = {Clustering Algorithms},
year = {1975},
isbn = {047135645X},
publisher = {John Wiley and Sons, Inc.},
address = {USA},
edition = {99th}
}

@inproceedings{inproceedings,
author = {Bourdev, Lubomir and Maji, Subhransu and Brox, Thomas and Malik, Jitendra},
year = {2010},
month = {12},
pages = {168-181},
title = {Detecting People Using Mutually Consistent Poselet Activations},
doi = {10.1007/978-3-642-15567-3_13}
}

@book{bookMedicalImages,
author = {Ogiela, Marek and Tadeusiewicz, Ryszard},
year = {2008},
month = {01},
pages = {91},
title = {Modern Computational Intelligence Methods for the Interpretation of Medical Images},
volume = {84},
isbn = {978-3-540-75399-5},
doi = {10.1007/978-3-540-75402-2}
}

@book{gonzalez2008digital,
  abstract = {Completely self-contained-and heavily illustrated-this introduction to basic concepts and methodologies for digital image processing is written at a level that truly is suitable for seniors and first-year graduate students in almost any technical discipline. The leading textbook in its field for more than twenty years, it continues its cutting-edge focus on contemporary developments in all mainstream areas of image processing-e.g., image fundamentals, image enhancement in the spatial and frequency domains, restoration, color image processing, wavelets, image compression, morphology, segmentation, image description, and the fundamentals of object recognition. It focuses on material that is fundamental and has a broad scope of application.},
  added-at = {2014-07-10T10:50:48.000+0200},
  address = {Upper Saddle River, N.J.},
  author = {Gonzalez, Rafael C. and Woods, Richard E.},
  biburl = {https://www.bibsonomy.org/bibtex/2bd73f6e1350f31aa5da16268e2b1e694/alex_ruff},
  description = {Digital Image Processing (3rd Edition): Rafael C. Gonzalez, Richard E. Woods: 9780131687288: Amazon.com: Books},
  interhash = {74494247f343d0cedb198c4b4f0c31eb},
  intrahash = {bd73f6e1350f31aa5da16268e2b1e694},
  isbn = {9780131687288 013168728X 9780135052679 013505267X},
  keywords = {book image_processing},
  publisher = {Prentice Hall},
  refid = {137312858},
  timestamp = {2014-07-10T10:50:48.000+0200},
  title = {Digital image processing},
  url = {http://www.amazon.com/Digital-Image-Processing-3rd-Edition/dp/013168728X},
  year = 2008
}

@INPROCEEDINGS{7966418,  author={T. {Ahmad} and P. {Campr} and M. {Čadik} and G. {Bebis}},  booktitle={2017 International Joint Conference on Neural Networks (IJCNN)},   title={Comparison of semantic segmentation approaches for horizon/sky line detection},   year={2017},  volume={},  number={},  pages={4436-4443},}

@misc{place2017segmenting,
    title={Segmenting Sky Pixels in Images},
    author={Cecilia La Place and Aisha Urooj Khan and Ali Borji},
    year={2017},
    eprint={1712.09161},
    archivePrefix={arXiv},
    primaryClass={cs.CV}
}

@misc{ronneberger2015unet,
    title={U-Net: Convolutional Networks for Biomedical Image Segmentation},
    author={Olaf Ronneberger and Philipp Fischer and Thomas Brox},
    year={2015},
    eprint={1505.04597},
    archivePrefix={arXiv},
    primaryClass={cs.CV}
}

@misc{chen2016deeplab,
    title={DeepLab: Semantic Image Segmentation with Deep Convolutional Nets, Atrous Convolution, and Fully Connected CRFs},
    author={Liang-Chieh Chen and George Papandreou and Iasonas Kokkinos and Kevin Murphy and Alan L. Yuille},
    year={2016},
    eprint={1606.00915},
    archivePrefix={arXiv},
    primaryClass={cs.CV}
}

@misc{lin2016refinenet,
    title={RefineNet: Multi-Path Refinement Networks for High-Resolution Semantic Segmentation},
    author={Guosheng Lin and Anton Milan and Chunhua Shen and Ian Reid},
    year={2016},
    eprint={1611.06612},
    archivePrefix={arXiv},
    primaryClass={cs.CV}
}

@misc{salman2019overfitting,
    title={Overfitting Mechanism and Avoidance in Deep Neural Networks},
    author={Shaeke Salman and Xiuwen Liu},
    year={2019},
    eprint={1901.06566},
    archivePrefix={arXiv},
    primaryClass={cs.LG}
}

@misc{ghojogh2019theory,
    title={The Theory Behind Overfitting, Cross Validation, Regularization, Bagging, and Boosting: Tutorial},
    author={Benyamin Ghojogh and Mark Crowley},
    year={2019},
    eprint={1905.12787},
    archivePrefix={arXiv},
    primaryClass={stat.ML}
}

@misc{smith2018disciplined,
    title={A disciplined approach to neural network hyper-parameters: Part 1 -- learning rate, batch size, momentum, and weight decay},
    author={Leslie N. Smith},
    year={2018},
    eprint={1803.09820},
    archivePrefix={arXiv},
    primaryClass={cs.LG}
}

@misc{labach2019survey,
    title={Survey of Dropout Methods for Deep Neural Networks},
    author={Alex Labach and Hojjat Salehinejad and Shahrokh Valaee},
    year={2019},
    eprint={1904.13310},
    archivePrefix={arXiv},
    primaryClass={cs.NE}
}

@misc{ioffe2015batch,
    title={Batch Normalization: Accelerating Deep Network Training by Reducing Internal Covariate Shift},
    author={Sergey Ioffe and Christian Szegedy},
    year={2015},
    eprint={1502.03167},
    archivePrefix={arXiv},
    primaryClass={cs.LG}
}

@INPROCEEDINGS{7415405,  author={C. {Wang} and J. {Ding} and P. {Chen}},  booktitle={2015 Asia-Pacific Signal and Information Processing Association Annual Summit and Conference (APSIPA)},   title={An efficient sky detection algorithm based on hybrid probability model},   year={2015},  volume={},  number={},  pages={919-922},}

@inproceedings{mihail2016sky,
  annotation = {contextualeyes,dataset_skyfinder,skyfinder,nvidia,timelapse},
  author = {Mihail, Radu Paul and Workman, Scott and Bessinger, Zach and Jacobs, Nathan},
  booktitle = {{IEEE Winter Conference on Applications of Computer Vision (WACV)}},
  pages = {1--6},
  pdf = {http://cs.uky.edu/%7ejacobs/papers/mihail2016skyfinder.pdf},
  project = {http://mypages.valdosta.edu/rpmihail/skyfinder/},
  title = {Sky Segmentation in the Wild: An Empirical Study},
  year = {2016}
}

@article{Suzuki1985TopologicalSA,
  title={Topological structural analysis of digitized binary images by border following},
  author={Satoshi Suzuki and Keiichi Abe},
  journal={Comput. Vis. Graph. Image Process.},
  year={1985},
  volume={30},
  pages={32-46}
}

@misc{dumoulin2016guide,
    title={A guide to convolution arithmetic for deep learning},
    author={Vincent Dumoulin and Francesco Visin},
    year={2016},
    eprint={1603.07285},
    archivePrefix={arXiv},
    primaryClass={stat.ML}
}

@article{covariateShift,
author = {Shimodaira, Hidetoshi},
year = {2000},
month = {10},
pages = {227-244},
title = {Improving predictive inference under covariate shift by weighting the log-likelihood function},
volume = {90},
journal = {Journal of Statistical Planning and Inference},
doi = {10.1016/S0378-3758(00)00115-4}
}

@misc{he2015deep,
    title={Deep Residual Learning for Image Recognition},
    author={Kaiming He and Xiangyu Zhang and Shaoqing Ren and Jian Sun},
    year={2015},
    eprint={1512.03385},
    archivePrefix={arXiv},
    primaryClass={cs.CV}
}

@misc{chaurasia2017linknet,
    title={LinkNet: Exploiting Encoder Representations for Efficient Semantic Segmentation},
    author={Abhishek Chaurasia and Eugenio Culurciello},
    year={2017},
    eprint={1707.03718},
    archivePrefix={arXiv},
    primaryClass={cs.CV}
}

@misc{wu2019demystifying,
    title={Demystifying Learning Rate Policies for High Accuracy Training of Deep Neural Networks},
    author={Yanzhao Wu and Ling Liu and Juhyun Bae and Ka-Ho Chow and Arun Iyengar and Calton Pu and Wenqi Wei and Lei Yu and Qi Zhang},
    year={2019},
    eprint={1908.06477},
    archivePrefix={arXiv},
    primaryClass={cs.LG}
}

@misc{zhu2020improving,
    title={Improving Semantic Segmentation via Self-Training},
    author={Yi Zhu and Zhongyue Zhang and Chongruo Wu and Zhi Zhang and Tong He and Hang Zhang and R. Manmatha and Mu Li and Alexander Smola},
    year={2020},
    eprint={2004.14960},
    archivePrefix={arXiv},
    primaryClass={cs.CV}
}